% Encoding: UTF-8


@misc{pipeline,
	title="Pipeline Processing in digital logic design [Электронный ресурс]",
	howpublished="Режим доступа: \url{https://www.fullchipdesign.com/pipeline_space_time_architecture.htm} (дата обращения: 15.12.2022)"
}


@misc{test,
	title="Функция Instant::now() модуля std::time rust [Электронный ресурс]",
	howpublished="Режим доступа: \url{https://doc.rust-lang.org/std/time/index.html} (дата обращения: 28.09.2022)"
}

@misc{ubuntu,
	title="Pop OS 22.04 LTS [Электронный ресурс]",
	howpublished="Режим доступа: \url{https://pop.system76.com} (дата обращения: 04.09.2022)"
}

@misc{linux,
	title="Linux -- Документация [Электронный ресурс]",
	howpublished="Режим доступа: \url{https://docs.kernel.org} (дата обращения: 24.09.2022)"
}

@misc{amd,
	title="Процессор AMD® Ryzen 7 2700 eight-core processor × 16  [Электронный ресурс]",
	howpublished="Режим доступа: \url{https://www.amd.com/en/products/cpu/amd-ryzen-7-2700} (дата обращения: 04.09.2022)"
}

@misc{golang,
	title="Golang Документация[Электронный ресурс]",
	howpublished="Режим доступа: \url{https://go.dev/doc/} (дата обращения: 24.09.2022)"
}

@misc{vscode,
	title="Vscode Документация[Электронный ресурс]",
	howpublished="Режим доступа: \url{https://ru.bmstu.wiki/%D0%9C%D0%BD%D0%BE%D0%B3%D0%BE%D0%BF%D0%BE%D1%82%D0%BE%D1%87%D0%BD%D0%BE%D1%81%D1%82%D1%8C} (дата обращения: 02.11.2022)"
}

@misc{mnogo,
	title="Vscode Документация[Электронный ресурс]",
	howpublished="Режим доступа: \url{https://code.visualstudio.com/docs} (дата обращения: 24.09.2022)"
}

@inbook{dbscan,
	author="Большакова Е.И., Клышинский Э.С., Ландэ Д.В., Носков А.А., Пескова О.В., Ягунова Е.В.",
	title="Автоматическая обработка текстов на естественном языке и компьютерная лингвистика",
	publisher="-- М.: МИЭМ",
	volume=500,
	chapter=2,
	pages="197--200",
	language="russian",
	year=2011
}

@inbook{cluster,
	author="Иванов С.А.",
	title="Мировая система научной коммуникации каr информационное пространство",
	publisher="-- М.:, 2001.",
	volume=1,
	pages="1123--1126",
	language="russian",
	year=2001
}





@Comment{jabref-meta: databaseType:bibtex;}
