% Encoding: UTF-8

@Online{test,
  title   = {testing},
  url     = {https://pkg.go.dev/testing},
  urldate = {2021-09-07},
}

@Online{rune,
  title   = {Go 1 Release Notes},
  url     = {https://golang.org/doc/go1#rune},
  urldate = {2021-09-06},
}

@InBook{sUsage,
  author    = {Дональд Эрвин Кнут},
  chapter   = {1},
  editor    = {В. Т. Тертышный (гл. 5) и И. В. Красиков (гл. 6)},
  pages     = {20},
  publisher = {Москва: Вильямс},
  title     = {Искусство программирования: Сортировка и поиск, Том 3},
  year      = {2007},
}

@Comment{jabref-meta: databaseType:bibtex;}
