% Encoding: UTF-8

@Article{winograd-origin,
  author  = {Don Coppersmith and Shmuel Winograd},
  journal = {Journal of Symbolic Computation},
  title   = {Matrix Multiplication via Arithmetic Progressions},
  year    = {1990},
}


@Online{cgo,
  title   = {Using cgo with the go command},
  url     = {https://pkg.go.dev/cmd/cgo},
  urldate = {2021-09-29},
}

@Article{faster,
  author  = {Josh Alman, Virginia Vassilevska Williams},
  journal = {32nd Annual ACM-SIAM Symposium on Discrete Algorithms},
  title   = {A Refined Laser Method and Faster Matrix Multiplication},
  year    = {2021},
}

@misc{
	test,
	title="Функция process\_time модуля time python [Электронный ресурс]",
	howpublished="Режим доступа: \url{https://docs-python.ru/standart-library/modul-time-python/funktsija-process-time-modulja-time/} (дата обращения: 04.09.2022)"
}

@misc{ubuntu,
	title="Pop OS 22.04 LTS [Электронный ресурс]",
	howpublished="Режим доступа: \url{https://pop.system76.com} (дата обращения: 04.09.2022)"
}

@misc{linux,
	title="Linux -- Документация [Электронный ресурс]",
	howpublished="Режим доступа: \url{https://docs.kernel.org} (дата обращения: 24.09.2022)"
}

@misc{amd,
	title="Процессор AMD® Ryzen 7 2700 eight-core processor × 16  [Электронный ресурс]",
	howpublished="Режим доступа: \url{https://www.amd.com/en/products/cpu/amd-ryzen-7-2700} (дата обращения: 04.09.2022)"
}

@misc{python,
	title="Python Документация[Электронный ресурс]",
	howpublished="Режим доступа: \url{https://docs.python.org/3/} (дата обращения: 24.09.2022)"
}

@misc{vscode,
	title="Vscode Документация[Электронный ресурс]",
	howpublished="Режим доступа: \url{https://code.visualstudio.com/docs} (дата обращения: 24.09.2022)"
}

@misc{binary,
	title="Сортировка бинарным деревом [Электронный ресурс]",
	howpublished="Режим доступа: \url{http://algolist.ru/sort/faq/q7.php} (дата обращения: 24.10.2022)"
}

@misc{counting_sort,
	title="Сортировка подсчетом [Электронный ресурс]",
	howpublished="Режим доступа: \url{https://www.techiedelight.com/ru/counting-sort-algorithm-implementation/} (дата обращения: 24.10.2022)"
}

@misc{radix_sort,
	title="Сортировка по разрядам [Электронный ресурс]",
	howpublished="Режим доступа: \url{http://algolab.valemak.com/radix} (дата обращения: 24.10.2022)"
}








@Comment{jabref-meta: databaseType:bibtex;}
