% Encoding: UTF-8

@inbook{task,
	author="Борознов В. О.",
	title="Исследование решения задачи коммивояжера",
	publisher="--- АГТУ, Вестник Астраханского государственного технического университета. Серия: Управление, вычислительная техника и информатика [Электронный ресурс]",
	language="russian",
	year=2022,
	url="Режим доступа: \url{https://cyberleninka.ru/article/n/issledovanie-resheniya-zadachi-kommivoyazhera/viewer} (дата обращения: 18.11.2021)"
}

@inbook{full-comb,
	author="Семёнов С. С., Педан А. В., Воловиков В. С., Климов И. С.",
	title="Анализ трудоёмкости различных алгоритмических подходов для решения задачи коммивояжёра",
	publisher="---  ООО «Корпорация «Интел Групп», Системы управления, связи и безопасности [Электронный ресурс]",
	language="russian",
	year=2022,
	url="Режим доступа: \url{https://cyberleninka.ru/article/n/analiz-trudoemkosti-razlichnyh-algoritmicheskih-podhodov-dlya-\
	resheniya-zadachi-kommivoyazhera} (дата обращения: 18.11.2021)"
}


@misc{pipeline,
	title="Pipeline Processing in digital logic design [Электронный ресурс]",
	howpublished="Режим доступа: \url{https://www.fullchipdesign.com/pipeline_space_time_architecture.htm} (дата обращения: 15.12.2022)"
}


@misc{test,
	title="Функция Instant::now() модуля std::time rust [Электронный ресурс]",
	howpublished="Режим доступа: \url{https://doc.rust-lang.org/std/time/index.html} (дата обращения: 28.09.2022)"
}

@misc{ubuntu,
	title="Pop OS 22.04 LTS [Электронный ресурс]",
	howpublished="Режим доступа: \url{https://pop.system76.com} (дата обращения: 04.09.2022)"
}

@misc{linux,
	title="Linux -- Документация [Электронный ресурс]",
	howpublished="Режим доступа: \url{https://docs.kernel.org} (дата обращения: 24.09.2022)"
}

@misc{amd,
	title="Процессор AMD® Ryzen 7 2700 eight-core processor × 16  [Электронный ресурс]",
	howpublished="Режим доступа: \url{https://www.amd.com/en/products/cpu/amd-ryzen-7-2700} (дата обращения: 04.09.2022)"
}

@misc{python-lang,
	title="Welcome to Python [Электронный ресурс]",
	howpublished="Режим доступа: \url{https://www.python.org} (дата обращения: 11.10.2022)"
}

@misc{vscode,
	title="Vscode Документация[Электронный ресурс]",
	howpublished="Режим доступа: \url{https://code.visualstudio.com/docs} (дата обращения: 24.09.2022)"
}





@Comment{jabref-meta: databaseType:bibtex;}
